
@inproceedings{ho2013more,
  title={More effective distributed ml via a stale synchronous parallel parameter server},
  author={Ho, Qirong and Cipar, James and Cui, Henggang and Lee, Seunghak and Kim, Jin Kyu and Gibbons, Phillip B and Gibson, Garth A and Ganger, Greg and Xing, Eric P},
  booktitle={Advances in neural information processing systems},
  pages={1223--1231},
  year={2013}
}

@inproceedings{dai2015high,
  title={High-performance distributed ML at scale through parameter server consistency models},
  author={Dai, Wei and Kumar, Abhimanu and Wei, Jinliang and Ho, Qirong and Gibson, Garth and Xing, Eric P},
  booktitle={Twenty-Ninth AAAI Conference on Artificial Intelligence},
  year={2015}
}

@article{xing2015petuum,
  title={Petuum: A new platform for distributed machine learning on big data},
  author={Xing, Eric P and Ho, Qirong and Dai, Wei and Kim, Jin Kyu and Wei, Jinliang and Lee, Seunghak and Zheng, Xun and Xie, Pengtao and Kumar, Abhimanu and Yu, Yaoliang},
  journal={IEEE Transactions on Big Data},
  volume={1},
  number={2},
  pages={49--67},
  year={2015},
  publisher={IEEE}
}

@article{Vidaurre:2013cu,
	author = {Vidaurre, Diego and Bielza, Concha and Larra{\~n}aga, Pedro},
	title = {{A Survey of L1Regression}},
	journal = {International Statistical Review},
	year = {2013},
	volume = {81},
	number = {3},
	pages = {361--387},
	month = oct
}



@inproceedings{Allen2015Improved,
author = {Allen-Zhu, Zeyuan and Yuan, Yang},
title = {{Improved SVRG for non-strongly-convex or sum-of-non-convex objectives}},
booktitle = {International Conference on Machine Learning},
year = {2016},
address = {New York, USA},
month = {June},
}

@article{Xiao:2014vw,
  title={A proximal stochastic gradient method with progressive variance reduction},
  author={Xiao, Lin and Zhang, Tong},
  journal={SIAM Journal on Optimization},
  volume={24},
  number={4},
  pages={2057--2075},
  year={2014},
  publisher={SIAM}
}

@article{Richtarik:2013te,
  title={Semi-stochastic gradient descent methods},
  author={Kone{\v{c}}n{\`y}, Jakub and Richt{\'a}rik, Peter},
  journal={arXiv preprint arXiv:1312.1666},
  year={2013}
}

@inproceedings{Defazio:2014vu,
  title={Saga: A fast incremental gradient method with support for non-strongly convex composite objectives},
  author={Defazio, Aaron and Bach, Francis and Lacoste-Julien, Simon},
  booktitle={Advances in Neural Information Processing Systems},
  month={December},
  address={Montr{\'e}al, Canda},
  pages={1646--1654},
  year={2014}
}

@inproceedings{Li:2014jg,
author = {Li, Mu and Zhang, Tong and Chen, Yuqiang and Smola, Alexander J},
title = {{Efficient mini-batch training for stochastic optimization}},
booktitle = {the 20th ACM SIGKDD international conference},
year = {2014},
pages = {661--670},
publisher = {ACM Press},
address = {New York, New York, USA}
}



@inproceedings{Harlap:2016ia,
author = {Harlap, Aaron and Cui, Henggang and Dai, Wei and Wei, Jinliang and Ganger, Gregory R and Gibbons, Phillip B and Gibson, Garth A and Xing, Eric P},
title = {{Addressing the straggler problem for iterative convergent parallel ML}},
booktitle = {the Seventh ACM Symposium},
year = {2016},
pages = {98--111},
publisher = {ACM Press},
address = {New York, New York, USA}
}



@article{Pan:2016wx,
author = {Pan, Xinghao and Lam, Maximilian and Tu, Stephen and Papailiopoulos, Dimitris and Zhang, Ce and Jordan, Michael I and Ramchandran, Kannan and Re, Chris and Recht, Benjamin},
title = {{CYCLADES: Conflict-free Asynchronous Machine Learning}},
year = {2016},
eprint = {1605.09721v1},
eprinttype = {arxiv},
eprintclass = {stat.ML},
month = jun
}



@article{Gnecco2015Learning,
  title={Learning With Mixed Hard/Soft Pointwise Constraints.},
  author={Gnecco, G and Gori, M and Melacci, S and Sanguineti, M},
  journal={IEEE Transactions on Neural Networks \& Learning Systems},
  volume={26},
  number={9},
  pages={2019},
  year={2015},
}


@article{Cucker2002On,
  title={On the mathematical foundations of learning},
  author={Cucker, Felipe and Smale, Steve},
  journal={Bulletin of the American Mathematical Society},
  volume={39},
  number={1},
  pages={332},
  year={2002},
}

@inproceedings{Niu:2011wo,
  author = {Niu, Feng and Recht, Benjamin and Re, Christopher and Wright, Stephen J},
  title = {HOGWILD!: A Lock-Free Approach to Parallelizing Stochastic Gradient Descent},
  booktitle = {Proc. NIPS},
  year = {2011},
  pages = {693--701},
}

@article{Zhang:2015tp,
  author = {Zhang, Ruiliang, Shuai Zheng and Kwok, James T},
  title = {Fast Distributed Asynchronous SGD with Variance Reduction},
  journal = {arXiv:1508.01633},
  year = {2015}
}

@inproceedings{Johnson:9MAvkbgy,
  title={Accelerating stochastic gradient descent using predictive variance reduction},
  author={Johnson, Rie and Zhang, Tong},
  booktitle={Advances in Neural Information Processing Systems},
  pages={315--323},
  year={2013}
}

@inproceedings{Dean:2012wx,
  author = {Dean, Jeffrey and Corrado, Greg and Monga, Rajat and 0010, Kai Chen and Devin, Matthieu and Le, Quoc V and Mao, Mark Z and Ranzato, Marc'Aurelio and Senior, Andrew W and Tucker, Paul A and Yang, Ke and Ng, Andrew Y},
  title = {Large Scale Distributed Deep Networks.},
  booktitle = {Proc. NIPS},
  year = {2012},
  pages = {1232--1240}
}

@inproceedings{Li:2014tt,
  author = {Li, Mu and Andersen, David G and Park, Jun Woo and Smola, Alexander J and Ahmed, Amr and Josifovski, Vanja and Long, James and Shekita, Eugene J and Su, Bor-Yiing},
  title = {Scaling Distributed Machine Learning with the Parameter Server},
  booktitle = {Proc. UENSIX OSDI},
  year = {2014},
  pages = {583--598}
}

@article{Xing:2015ib,
  title={Petuum: a new platform for distributed machine learning on big data},
  author={Xing, Eric P and Ho, Qirong and Dai, Wei and Kim, Jin Kyu and Wei, Jinliang and Lee, Seunghak and Zheng, Xun and Xie, Pengtao and Kumar, Abhimanu and Yu, Yaoliang},
  journal={Transactions on Big Data},
  volume={1},
  number={2},
  pages={49--67},
  year={2015},
  publisher={IEEE}
}

@article{Zhao:SZfxEHHg,
  title={Fast Asynchronous Parallel Stochastic Gradient Decent},
  author={Zhao, Shen-Yi and Li, Wu-Jun},
  journal={arXiv:1508.05711},
  year={2015}
}

@inproceedings{Reddi:2015vj,
  title={On variance reduction in stochastic gradient descent and its asynchronous variants},
  author={Reddi, Sashank J and Hefny, Ahmed and Sra, Suvrit and Poczos, Barnabas and Smola, Alex J},
  booktitle={Advances in Neural Information Processing Systems},
  pages={2647--2655},
  year={2015}
}

@article{Cavalcante:2009il,
  title={An adaptive projected subgradient approach to learning in diffusion networks},
  author={Cavalcante, Renato LG and Yamada, Isao and Mulgrew, Bernard},
  journal={Transactions on Signal Processing},
  volume={57},
  number={7},
  pages={2762--2774},
  year={2009},
  publisher={IEEE},
}

@article{Mania:2015wa,
  title={Perturbed Iterate Analysis for Asynchronous Stochastic Optimization},
  author={Mania, Horia and Pan, Xinghao and Papailiopoulos, Dimitris and Recht, Benjamin and Ramchandran, Kannan and Jordan, Michael I},
  journal={arXiv:1507.06970},
  year={2015}
}

@inproceedings{Yuan:2015ka,
  title={LightLDA: Big topic models on modest computer clusters},
  author={Yuan, Jinhui and Gao, Fei and Ho, Qirong and Dai, Wei and Wei, Jinliang and Zheng, Xun and Xing, Eric Po and Liu, Tie-Yan and Ma, Wei-Ying},
  booktitle={Proc. WWW},
  pages={1351--1361},
  year={2015},
}

@inproceedings{2015_dai_high_performance_ml,
  author = {Dai, Wei and Kumar, Abhimanu and Wei, Jinliang and Ho, Qirong and Gibson, Garth A and Xing, Eric P},
  title = {High-Performance Distributed ML at Scale through Parameter Server Consistency Models},
  booktitle = {Proc. AAAI},
  year = {2015},
  pages = {79--87}
}

@inproceedings{Li:2014uy,
  title={Communication efficient distributed machine learning with the parameter server},
  author={Li, Mu and Andersen, David G and Smola, Alex J and Yu, Kai},
  booktitle={Advances in Neural Information Processing Systems},
  pages={19--27},
  year={2014}
}

@article{Dai:2013vj,
  author = {Dai, Wei and Wei, Jinliang and Zheng, Xun and Kim, Jin Kyu and Lee, Seunghak and Yin, Junming and Ho, Qirong and Xing, Eric P},
  title = {Petuum: A Framework for Iterative-Convergent Distributed ML},
  journal = {arXiv:1312.7651},
  year = {2013}
}

@inproceedings{lian2015asynchronous,
  title={Asynchronous parallel stochastic gradient for nonconvex optimization},
  author={Lian, Xiangru and Huang, Yijun and Li, Yuncheng and Liu, Ji},
  booktitle={Advances in Neural Information Processing Systems},
  pages={2719--2727},
  year={2015}
}

@article{dahl2012context,
  title={Context-dependent pre-trained deep neural networks for large-vocabulary speech recognition},
  author={Dahl, George E and Yu, Dong and Deng, Li and Acero, Alex},
  journal={Transactions on Audio, Speech, and Language Processing},
  volume={20},
  number={1},
  pages={30--42},
  year={2012},
  publisher={IEEE}
}

@article{Coates2011An,
  title={An Analysis of Single-Layer Networks in Unsupervised Feature Learning},
  author={Coates, Adam and Ng, Andrew Y. and Lee, Honglak},
  journal={Journal of Machine Learning Research},
  volume={15},
  pages={215-223},
  year={2011},
}

@inproceedings{collobert2008unified,
  title={A unified architecture for natural language processing: Deep neural networks with multitask learning},
  author={Collobert, Ronan and Weston, Jason},
  booktitle={Proc. ACM ICML},
  pages={160--167},
  year={2008},
}
